@ARTICLE{waveletECG,
   AUTHOR="Abo-Zahhad, M. and Al-Ajlouni, A. F. and Ahmed, S. M. and Schilling, R.J.",
   TITLE="{A new algorithm for the compression of ECG signals based on mother wavelet parameterization and best-threshold level selection}",
   JOURNAL="Digital Signal Processing",
   VOLUME="23",
	 NUMBER="3",
   PAGES="1002--1011",
   YEAR="2013"
}

@ARTICLE{jpeg2000ECG,
   AUTHOR="Chou, H. H. and Chen, Y. J. and Shiau, Y. C. and Kuo, T. S.",
   TITLE="{An effective and efficient compression algorithm for ECG signals with irregular periods}",
   JOURNAL="IEEE Transactions on Biomedical Engineering",
   VOLUME="53",
	 number="6",
   PAGES="1198--1205",
   YEAR="2006"
}

@ARTICLE{pantom,
   AUTHOR="Pan, J. and Tompkins, W. J.",
   TITLE="{A Real-Time QRS Detection Algorithm}",
   JOURNAL="IEEE Transactions on Biomedical Engineering",
   VOLUME="32",
	 NUMBER="3",
   PAGES="230--236",
   YEAR="1985"
}






